1934 3550
211 186 259 240 aii
357 181 470 239 ΝΗ·
507 170 704 232 ΟῊΜῘ

206 250 244 305 ni
262 249 345 302 niodo
359 252 424 302 dent
437 247 510 299 viret
523 247 552 298 in
568 259 625 298 mea
637 244 719 296 verba
735 237 805 295 suat·
869 300 881 308 ³

176 316 391 382 Carminibusque
408 316 474 368 rneit
487 315 608 366 accedant
627 314 747 377 pondera
762 320 879 372 rerum,

209 392 274 449 Qua
294 393 350 435 rata
366 397 411 444 per
427 379 511 432 iustus
529 378 661 443 experiare
680 387 753 428 tuos.

179 457 258 505 Neve
275 449 328 501 stne
346 448 458 511 exempli
475 449 526 499 aevi
543 446 659 499 cruciere
676 440 805 506 prioris,

210 518 268 569 Sint
286 529 330 567 tut
347 513 469 575 Troianis
487 528 543 564 non
560 512 663 564 leviora
678 509 771 560 malis.

175 589 334 647 Quantaque
351 582 473 645 clavigeri
493 582 620 634 raeanrius
639 573 760 627 Hercuiis
776 570 883 637 hares,

209 657 296 703 Tanta
311 660 444 699 venenato
461 646 573 697 vulnera
592 658 666 696 crure
679 654 763 707 geras·

177 721 236 772 Nec
251 715 335 767 levius
352 716 462 775 doleas,
484 727 560 776 quarn
576 712 620 775 qui
638 708 705 761 bibit
721 708 803 759 ubera
811 715 917 769 cerva,

117 811 119 815 >
214 781 385 845 Armatasque
404 778 466 831 tulit
483 779 579 829 vulnus
593 775 727 840 ,inermis
746 788 847 836 opem.

178 852 283 915 Quique
302 848 335 900 ab
350 862 419 911 equo
437 860 546 910 praeceps
567 844 595 894 iu
612 841 687 896 Aleia
701 839 805 893 decidit
821 851 913 901 arvat

211 914 301 970 Exitio
318 914 396 965 facies
412 914 453 963 cui
472 911 603 970 sua'paeoe
620 909 685 961 suit.

180 965 914 1050 Id,quodAmyntorides,videt53trepidutnqueministro

215 1057 355 1106 i’raetentcs
372 1046 468 1097 bacuio
485 1042 591 1094 iunrinis
606 1043 687 1094 orbus
702 1041 764 1092 iter.

183 1122 240 1170 Nec
259 1116 315 1177 pius
334 1114 464 1175 aspicias,
491 1125 566 1175 quant
585 1123 662 1175 quern
681 1107 725 1158 sua
741 1105 798 1157 siiia
815 1101 914 1165 rexitt

213 1179 342 1244 Expertus'
354 1181 433 1231 secius
449 1176 485 1228 esi
505 1175 576 1238 cujus
591 1186 701 1239 uterque
719 1186 833 1235 parens.

183 1249 275 1313 Qualis
288 1259 360 1310 crat,
375 1243 512 1310 postquam
526 1242 561 1292 esi
576 1242 654 1305 iudex
668 1250 700 1292 dc
714 1240 760 1292 lite
777 1235 877 1301 jocosa

210 1320 313 1367 sumtus
328 1352 336 1376 ,
355 1314 494 1375 apollinea
509 1311 591 1361 clarus
607 1310 635 1359 in
650 1320 707 1360 arte
722 1306 815 1357 senex.

183 1381 272 1447 Qualis
289 1384 313 1433 dc
326 1380 369 1431 ille
383 1378 454 1440 fuit,
468 1390 523 1442 quo
537 1375 703 1439 praecipicnte
715 1371 844 1424 columba

213 1445 253 1500 Est
265 1450 326 1498 data
345 1444 463 1496 Palladiae
479 1443 574 1507 previa
589 1446 694 1506 duxque
709 1439 771 1490 rati.

183 1514 286 1578 Quique
297 1511 380 1565 oculu
395 1511 488 1572 caruit,
498 1523 541 1571 per
550 1506 913 1573 quosnateviueratauenox

215 1578 325 1632 Inferias
343 1589 407 1630 nato
422 1591 491 1641 quor
505 1579 576 1628 dedit
594 1573 660 1628 orba
675 1586 781 1638 parens.

183 1644 274 1701 Pastor
287 1658 317 1697 ut
333 1648 465 1707 AEtnoeus,
483 1643 527 1696 cui
543 1640 614 1693 casua
631 1653 693 1695 ante
708 1638 817 1691 futuros

212 1713 331 1768 Teiemus
349 1715 507 1778 Eurymedet
522 1708 680 1761 vaticinatur
696 1716 763 1759 eret·
794 1740 797 1745 -

183 1788 222 1839 th
238 1785 292 1833 duo
310 1779 425 1838 Phinidoe
443 1817 451 1843 ,
467 1777 561 1845 quibua
574 1777 645 1828 -idetn
657 1777 744 1829 lumen
757 1770 886 1835 ademit,

195 1883 198 1887 «
216 1849 267 1915 Qui
288 1851 377 1900 dedit:
395 1857 426 1898 ut
440 1848 593 1911 Thamyra,
610 1841 813 1905 Demodocique
829 1847 914 1901 ceput·

183 1917 226 1982 ¹Sic
243 1916 340 1979 aliquis·
350 1928 396 1966 tua
411 1913 526 1966 membra
543 1912 633 1973 secet·,
655 1906 780 1964 Saturnus
795 1915 829 1958 ut
847 1905 903 1958 ilias

218 1982 352 2035 Subsecuit
367 1991 474 2045 parter,
494 1981 564 2032 unde
579 1987 679 2030 creatur
695 1986 763 2027 erat·

183 2054 242 2104 Nec
256 2049 305 2101 tibi
324 2049 356 2102 stt
370 2048 466 2101 rnelior
479 2047 726 2109 tumidrcNeptunur
744 2041 772 2092 in
789 2039 890 2103 trudit,

215 2121 301 2181 Qum
316 2117 356 2168 cui
375 2115 433 2167 sunt
450 2114 541 2166 subita
558 2112 641 2164 frater
657 2116 681 2163 ac
698 2121 769 2160 uxor
786 2121 864 2158 aves

184 2181 347 2248 Sollertique
362 2184 435 2241 viro.
451 2182 539 2232 lacera
557 2192 633 2244 quern
649 2176 729 2229 stadia
746 2183 890 2226 tenentem

219 2250 337 2303 Membra
354 2249 417 2302 ratis
431 2248 543 2302 Semeles
560 2244 595 2296 cst
611 2244 730 2296 miserata
745 2241 845 2292 soror.

186 2319 235 2372 vel
253 2328 319 2379 tua,
337 2332 369 2368 ne
385 2330 468 2379 poenae
483 2328 564 2379 genus
580 2314 632 2363 hoc
650 2306 816 2374 cognouerit
833 2316 918 2367 utut,

217 2384 322 2437 Viscera
340 2381 449 2436 diversit
465 2378 540 2433 scissa
556 2379 673 2431 ferantur
688 2375 771 2440 equid

186 2454 235 2506 Vei
255 2466 309 2515 qux
324 2486 333 2514 ,
350 2451 393 2516 qui
411 2447 502 2500 redimi
518 2452 641 2499 Romano
661 2456 737 2506 turpe
753 2435 862 2503 putauit
881 2473 892 2502 ,

219 2524 243 2571 A
257 2522 322 2569 duce
334 2517 448 2572 Puniceo
467 2515 588 2577 pertulit,
607 2512 661 2576 ipse
679 2508 756 2560 seras·

186 2590 243 2639 Nec
258 2583 307 2634 tibi
323 2582 437 2635 subsidio
455 2582 486 2632 sit
504 2580 613 2643 praesens
629 2591 724 2629 nunteu
739 2593 749 2625 .·
762 2582 791 2627 ut
806 2568 875 2637 illi,

219 2648 269 2704 Cui
285 2649 349 2700 mihi
365 2649 459 2703 Hercei
474 2646 577 2709 profuit
592 2662 636 2699 ara
649 2644 740 2711 Jovia-

188 2722 276 2781 thue
289 2715 362 2767 dedit
376 2715 452 2769 saltus
467 2714 482 2765 ὲ
496 2714 597 2765 summo
610 2708 745 2767 Thessalus
756 2703 822 2758 offa
836 2719 848 2766 t

217 2791 258 2837 'ru
276 2796 383 2847 quoque
399 2778 496 2833 saxoso
512 2778 677 2845 praecipitere
693 2778 776 2842 iugo.

187 2856 242 2905 Aut
258 2848 334 2901 velut
350 2848 473 2915 Euryali,
489 2849 533 2914 qui
550 2847 679 2910 sceptrum
693 2843 763 2906 cepit
777 2840 812 2893 ab
828 2837 889 2901 iilo,

220 2916 278 2968 Sint
296 2929 366 2970 artus
382 2916 467 2969 avidis
482 2915 606 2980 anguibus
620 2912 678 2964 esca
693 2911 744 2962 tui·

188 2982 236 3036 Vel
257 2996 302 3035 tua
318 2994 430 3036 maturet
449 3021 457 3044 ,
476 2981 539 3033 sicut
558 2980 664 3032 Minoia
679 2973 733 3029 sata
753 3014 761 3040 ,

220 3058 268 3107 Pet
283 3063 358 3116 caput
377 3049 469 3105 infusa
489 3047 606 3102 feruidus
621 3046 722 3124 ¹iiurnor
737 3056 809 3109 aquae
827 3036 894 3163 'Ut‘
